@misc{2_1,
    title           = "Presidency conclusions, Lisbon European Council",
    year            = "2000",
    howpublished    = {\url{http://www.consilium.europa.eu/en/uedocs/cms_data/docs/pressdata/en/ec/00100-r1.en0.htm}}
}


@misc{3_1,
    title = "LISBON EUROPEAN COUNCIL 23 AND 24 MARCH 2000: PRESIDENCY CONCLUSIONS (2000)",
    howpublished =  {\url{http://www.europarl.europa.eu/summits/lis1_en.htm}}
}

@misc{3_2,
    title           = "Facing The Challenge The Lisbon strategy for growth and employment",
    year            = "2004",
    howpublished    = {\url{https://ec.europa.eu/research/evaluations/pdf/archive/fp6-evidence-base/evaluation_studies_and_reports/evaluation_studies_and_reports_2004/the_lisbon_strategy_for_growth_and_employment__report_from_the_high_level_group.pdf}}
}

@misc{3_3,
    title           = "Working together for growth and jobs A new start for the Lisbon Strategy",
    year            = "2005",
    howpublished    = {\url{http://eur-lex.europa.eu/legal-content/EN/TXT/PDF/?uri=CELEX:52005DC0024&from=EN}}
}

@misc{3_4,
    title           = "Implementing the renewed partnership for growth and jobs Developing a knowledge flagship: the European Institute of Technology",
    year            = "2006",
    howpublished    = {\url{http://eur-lex.europa.eu/legal-content/EN/TXT/PDF/?uri=CELEX:52006DC0077&from=EN}}
}

@misc{3_5,
    title           = "The European Institute of Technology: further steps towards its creation",
    year            = "2006",
    howpublished    = {\url{http://eur-lex.europa.eu/legal-content/EN/TXT/PDF/?uri=CELEX:52006DC0276&from=EN}}
}

@misc{3_6, title="EIT as part of Horizon2020", howpublished = {\url{http://eit.europa.eu/eit-part-horizon2020}}}
@misc{3_7, title="EIT Strategy 2014-2020", year="2013", howpublished = {\url{http://eit.europa.eu/eit-community/eit-glance/eit-strategy-2014-2020}}}
@misc{3_8, title="Knowledge and Innovation Communities (KICs)", howpublished = {\url{http://eit.europa.eu/activities/innovation-communities}}}
@misc{3_9, title="EIT making innovation happen!", howpublished = {\url{http://eit.europa.eu/sites/default/files/EIT_KIC_Call-leaflet-FINAL.pdf}}}



@misc{4_1, title="Second EURAB Opinion on the European Commission proposal for an EIT", year="2006", howpublished = {\url{http://ec.europa.eu/research/eurab/pdf/eurab_06_033_2nd_opinion_proposal_eit_en.pdf}}}
@misc{4_2, title="EIT Annual Report 2013", year="2013", howpublished = {\url{http://eit.europa.eu/sites/default/files/EIT_Annual_Report_2013.pdf}}}
@misc{4_3, title="Climate-KIC start-ups raise EUR59 million in external funding", year="2014", howpublished = {\url{http://www.climate-kic.org/news/climate-kic-start-ups-raise-e59-million-in-external-funding/}}}
@misc{4_4, title="TU Berlin finds the right formula for nurturing entrepreneurs", year="2012", howpublished = {\url{http://www.sciencebusiness.net/news/75843/TU-Berlin-finds-the-right-formula-for-nurturing-entrepreneurs}}}

@misc{5_1, title="Memo Brussels", year="2012"}
@misc{5_2, title="The Times Higher Education", howpublished = {\url{https://www.timeshighereducation.com/world-university-rankings/2016/world-ranking#!/page/1/length/25}}}
@misc{5_3, title="The European Institute of Technology: further steps towards its creation", year="2006", howpublished = {\url{http://eur-lex.europa.eu/legal-content/EN/TXT/PDF/?uri=CELEX:52006DC0276&from=EN}}}
@misc{5_4, title="Implementing the renewed partnership for growth and jobs Developing a knowledge flagship: the European Institute of Technology", year="2006", howpublished = {\url{http://eur-lex.europa.eu/legal-content/EN/TXT/PDF/?uri=CELEX:52006DC0077&from=EN}}}
@misc{5_5, title="Le parti interessate discutono vantaggi, svantaggi, obiettivi e struttura di un Istituto europeo di tecnologia", howpublished = {\url{http://cordis.europa.eu/news/rcn/25108_it.html}}}

@misc{6_1, title="A European Institute of Technology", howpublished = {\url{http://www.ncbi.nlm.nih.gov/pmc/articles/PMC1500835/}}}
@misc{6_2, title="Failure of the Lisbon strategy: blame lies with nation", howpublished = {\url{http://www.cafebabel.co.uk/article/failure-of-the-lisbon-strategy-blame-lies-with-nation-states.html}}}
@misc{6_3, title="German center for research and innovation", howpublished = {\url{http://www.germaninnovation.org/research-and-innovation/higher-education-in-germany/excellence-initiative}}}
@misc{6_4, title="Was ist die Exzellenzinitiative?", howpublished = {\url{https://www.exzellenz.tum.de/en/what-is-the-excellence-initiative/}}}

@misc{7_1,
    title="Commission proposes two-tier structure for EIT",
    howpublished = {\url{http://cordis.europa.eu/news/rcn/25257_en.html}}
}
